@article{Author:year:XYZ,
 author = {Name1, Firstname 1 and Name2, Firstname2},
 title = {A dummy title},
 journal = {A Fake Journal},
 issue_date = {June YYYY},
 volume = {1},
 number = {1},
 month = jun,
 year = {YYYY},
 issn = {0000-0000},
 pages = {000--000},
 numpages = {10},
} 

% biblex and papers can be found at:
% http://www.dblp.org/

@misc{garseg15,
  author = {Haakon Garseg Mørk},
  school = {Norwegian University of Science and Technology},
  title = {Master Thesis Work},
  year = {2015},
  publisher = {GitHub},
  journal = {GitHub repository},
  howpublished = {\url{https://github.com/haakonmo/master-thesis-ndn/tree/master/src}},
}

%================
%   Chapter 1
%================
@inproceedings{rivest1996sdsi,
  title={SDSI-a simple distributed security infrastructure},
  author={Rivest, Ronald L and Lampson, Butler},
  year={1996},
  organization={Crypto}
}

%================
%   Chapter 2
%================

@article{DBLP:journals/jthtl/Rosston14,
  author    = {Gregory L. Rosston},
  title     = {Increasing Wireless Value: Technology, Spectrum, and Incentives},
  journal   = {{JTHTL}},
  volume    = {12},
  number    = {1},
  pages     = {89--112},
  year      = {2014},
  url       = {http://www.jthtl.org/content/articles/V12I1/JTHTLv12i1_Rosston.PDF},
  timestamp = {Wed, 18 Mar 2015 14:29:00 +0100},
  biburl    = {http://dblp.uni-trier.de/rec/bib/journals/jthtl/Rosston14},
  bibsource = {dblp computer science bibliography, http://dblp.org}
}

@TECHREPORT{NDN-0021,
	author 	= {Alexander Afanasyev and 
				Junxiao Shi and
				Beichuan Zhang and 
				Lixia Zhang and
				Ilya Moiseenko and 
				Yingdi Yu and
				Wentao Shang and 
				Yi Huang and
				Jerald PaulAbraham and
				Steve DiBenedetto and 
				Chengyu Fan and
				Christos Papadopoulos and 
				Davide Pesavento and 
				Giulio Grassi and
				Giovanni Pau and
				Hang Zhang and
				Tian Song and
				Haowei Yuan and
				Hila Ben Abraham and
				Patrick Crowley and
				Syed Obaid Amin and 
				Vince Lehman and
				Lan Wang},
	title  = {NFD Developer’s Guide, NDN-0021.},
  month   = {February},
  year    = {2015},
  note    = {Revision 3},
  file  	= {http://named-data.net/techreport/ndn-0021-3-nfd-developer-guide.pdf}
}

@techreport{NDN-0001,
  author  = {Lixia Zhang and
            Deborah Estrin and
            Jeffrey Burke and
            Van Jacobsen and
            James D. Thornton and
            Diana K. Smetteres and
            Beichuan Zhang and
            Gene Tsudik and
            kc claffy and
            Dmitri Krioukov and
            Dan Massey and
            Christos Papadopoulos and
            Tarek Abdelzaher and
            Lan Wang and
            Patrick Crowley and
            Edmund Yeh},
  title   = {Named Data Networking (NDN) Project, NDN-0001.},
  month   = {October},
  year    = {2010},
  file    = {http://named-data.net/techreport/TR001ndn-proj.pdf}
}

@techreport{rfc1144,
  shorthand = {RFC1144},
  AUTHOR = {V. Jacobsen},
  TITLE = "{Compressing TCP/IP Headers}",
  HOWPUBLISHED = {Internet Requests for Comments},
  TYPE="{RFC}",
  NUMBER=1144,
  PAGES = {1-46},
  YEAR = {1990},
  MONTH = {February},
  PUBLISHER = "{RFC Editor}",
  INSTITUTION = "{RFC Editor}",
  URL={https://tools.ietf.org/html/rfc1144}
  }

@techreport{rfc2205,
  shorthand = {RFC2205},
  AUTHOR = {R. Braden and
            L. Zhang and 
            S. Berson and
            S. Herzog},
  TITLE = "{Compressing TCP/IP Headers}",
  HOWPUBLISHED = {Internet Requests for Comments},
  TYPE="{RFC}",
  NUMBER=2205,
  PAGES = {1-76},
  YEAR = {1997},
  MONTH = {September},
  PUBLISHER = "{RFC Editor}",
  INSTITUTION = "{RFC Editor}",
  URL={https://tools.ietf.org/html/rfc2205}
}

@inproceedings{DBLP:conf/sigcomm/BharghavanDSZ94,
  author    = {Vaduvur Bharghavan and
               Alan J. Demers and
               Scott Shenker and
               Lixia Zhang},
  title     = {{MACAW:} {A} Media Access Protocol for Wireless LAN's},
  booktitle = {{SIGCOMM}},
  pages     = {212--225},
  year      = {1994},
  url       = {http://doi.acm.org/10.1145/190314.190334},
  doi       = {10.1145/190314.190334},
  timestamp = {Thu, 13 Dec 2012 20:57:14 +0100},
  biburl    = {http://dblp.uni-trier.de/rec/bib/conf/sigcomm/BharghavanDSZ94},
  bibsource = {dblp computer science bibliography, http://dblp.org}
}

@inproceedings{DBLP:conf/sigcomm/Jacobson88,
  author    = {Van Jacobson},
  title     = {Resource ReSerVation Protocol (RSVP)},
  booktitle = {{SIGCOMM}},
  pages     = {314--329},
  year      = {1988},
  url       = {http://doi.acm.org/10.1145/52324.52356},
  doi       = {10.1145/52324.52356},
  timestamp = {Mon, 09 Dec 2002 14:15:30 +0100},
  biburl    = {http://dblp.uni-trier.de/rec/bib/conf/sigcomm/Jacobson88},
  bibsource = {dblp computer science bibliography, http://dblp.org}
}

@techreport{secure-network-content,
  author = {Diana Smetters and 
            Van Jacobson},
  title = {Securing Network Content},
  url = {http://named-data.net/publications/securing-network-content-tr/},
  year = {2009},
  note = {PARC Tech Report}
}

@article{DBLP:journals/network/ShangDMBZ14,
  author    = {Wentao Shang and
               Qiuhan Ding and
               Alessandro Marianantoni and
               Jeff Burke and
               Lixia Zhang},
  title     = {Securing building management systems using named data networking},
  journal   = {{IEEE} Network},
  volume    = {28},
  number    = {3},
  pages     = {50--56},
  year      = {2014},
  url       = {http://dx.doi.org/10.1109/MNET.2014.6843232},
  doi       = {10.1109/MNET.2014.6843232},
  timestamp = {Thu, 04 Sep 2014 13:02:35 +0200},
  biburl    = {http://dblp.uni-trier.de/rec/bib/journals/network/ShangDMBZ14},
  bibsource = {dblp computer science bibliography, http://dblp.org}
}

@inproceedings{DBLP:conf/icccn/GastiTU013,
  author    = {Paolo Gasti and
               Gene Tsudik and
               Ersin Uzun and
               Lixia Zhang},
  title     = {DoS and DDoS in Named Data Networking},
  booktitle = {22nd International Conference on Computer Communication and Networks,
               {ICCCN} 2013, Nassau, Bahamas, July 30 - Aug. 2, 2013},
  pages     = {1--7},
  year      = {2013},
  crossref  = {DBLP:conf/icccn/2013},
  url       = {http://dx.doi.org/10.1109/ICCCN.2013.6614127},
  doi       = {10.1109/ICCCN.2013.6614127},
  timestamp = {Tue, 29 Oct 2013 15:30:02 +0100},
  biburl    = {http://dblp.uni-trier.de/rec/bib/conf/icccn/GastiTU013},
  bibsource = {dblp computer science bibliography, http://dblp.org}
}

@article{DBLP:journals/ccr/0001ABJcCPWZ14,
  author    = {Lixia Zhang and
               Alexander Afanasyev and
               Jeff Burke and
               Van Jacobson and
               kc claffy and
               Patrick Crowley and
               Christos Papadopoulos and
               Lan Wang and
               Beichuan Zhang},
  title     = {Named Data Networking},
  journal   = {Computer Communication Review},
  volume    = {44},
  number    = {3},
  pages     = {66--73},
  year      = {2014},
  url       = {http://doi.acm.org/10.1145/2656877.2656887},
  doi       = {10.1145/2656877.2656887},
  timestamp = {Mon, 15 Jan 4434559 13:26:40 +},
  biburl    = {http://dblp.uni-trier.de/rec/bib/journals/ccr/0001ABJcCPWZ14},
  bibsource = {dblp computer science bibliography, http://dblp.org}
}

@article{DBLP:journals/tifs/LiZZSF15,
  author    = {Qi Li and
               Xinwen Zhang and
               Qingji Zheng and
               Ravi Sandhu and
               Xiaoming Fu},
  title     = {{LIVE:} Lightweight Integrity Verification and Content Access Control
               for Named Data Networking},
  journal   = {{IEEE} Transactions on Information Forensics and Security},
  volume    = {10},
  number    = {2},
  pages     = {308--320},
  year      = {2015},
  url       = {http://dx.doi.org/10.1109/TIFS.2014.2365742},
  doi       = {10.1109/TIFS.2014.2365742},
  timestamp = {Wed, 19 May 4440088 17:57:52 +},
  biburl    = {http://dblp.uni-trier.de/rec/bib/journals/tifs/LiZZSF15},
  bibsource = {dblp computer science bibliography, http://dblp.org}
}

@article{DBLP:journals/ccr/GhaliTU14,
  author    = {Cesar Ghali and
               Gene Tsudik and
               Ersin Uzun},
  title     = {Network-Layer Trust in Named-Data Networking},
  journal   = {Computer Communication Review},
  volume    = {44},
  number    = {5},
  pages     = {12--19},
  year      = {2014},
  url       = {http://doi.acm.org/10.1145/2677046.2677049},
  doi       = {10.1145/2677046.2677049},
  timestamp = {Thu, 26 Dec 4430318 09:51:12 +},
  biburl    = {http://dblp.uni-trier.de/rec/bib/journals/ccr/GhaliTU14},
  bibsource = {dblp computer science bibliography, http://dblp.org}
}

@inproceedings{DBLP:conf/acmicn/FuAC14,
  author    = {Wenliang Fu and
               Hila Ben Abraham and
               Patrick Crowley},
  title     = {iSync: a high performance and scalable data synchronihttps://github.com/named-datazation protocol
               for named data networking},
  booktitle = {1st International Conference on Information-Centric Networking, ICN'14,
               Paris, France, September 24-26, 2014},
  pages     = {181--182},
  year      = {2014},
  crossref  = {DBLP:conf/acmicn/2014},
  url       = {http://doi.acm.org/10.1145/2660129.2660161},
  doi       = {10.1145/2660129.2660161},
  timestamp = {Thu, 02 Oct 2014 19:46:12 +0200},
  biburl    = {http://dblp.uni-trier.de/rec/bib/conf/acmicn/FuAC14},
  bibsource = {dblp computer science bibliography, http://dblp.org}
}

@inproceedings{DBLP:conf/acmicn/AmadeoCM14,
  author    = {Marica Amadeo and
               Claudia Campolo and
               Antonella Molinaro},
  title     = {Multi-source data retrieval in IoT via named data networking},
  booktitle = {1st International Conference on Information-Centric Networking, ICN'14,
               Paris, France, September 24-26, 2014},
  pages     = {67--76},
  year      = {2014},
  crossref  = {DBLP:conf/acmicn/2014},
  url       = {http://doi.acm.org/10.1145/2660129.2660148},
  doi       = {10.1145/2660129.2660148},
  timestamp = {Thu, 02 Oct 2014 19:46:12 +0200},
  biburl    = {http://dblp.uni-trier.de/rec/bib/conf/acmicn/AmadeoCM14},
  bibsource = {dblp computer science bibliography, http://dblp.org}
}

@article{DBLP:journals/ijcomsys/WangCZQZ14,
  author    = {Kai Wang and
               Jia Chen and
               Huachun Zhou and
               Yajuan Qin and
               Hongke Zhang},
  title     = {Modeling denial-of-service against pending interest table in named
               data networking},
  journal   = {Int. J. Communication Systems},
  volume    = {27},
  number    = {12},
  pages     = {4355--4368},
  year      = {2014},
  url       = {http://dx.doi.org/10.1002/dac.2618},
  doi       = {10.1002/dac.2618},
  timestamp = {Wed, 28 Feb 4459973 08:38:40 +},
  biburl    = {http://dblp.uni-trier.de/rec/bib/journals/ijcomsys/WangCZQZ14},
  bibsource = {dblp computer science bibliography, http://dblp.org}
}

@inproceedings{DBLP:conf/noms/AbidySLF14,
  author    = {Younes Abidy and
               Bilel Saadallahy and
               Abdelkader Lahmadi and
               Olivier Festor},
  title     = {Named data aggregation in wireless sensor networks},
  booktitle = {2014 {IEEE} Network Operations and Management Symposium, {NOMS} 2014,
               Krakow, Poland, May 5-9, 2014},
  pages     = {1--8},
  year      = {2014},
  crossref  = {DBLP:conf/noms/2014},
  url       = {http://dx.doi.org/10.1109/NOMS.2014.6838364},
  doi       = {10.1109/NOMS.2014.6838364},
  timestamp = {Fri, 20 Jun 2014 20:33:02 +0200},
  biburl    = {http://dblp.uni-trier.de/rec/bib/conf/noms/AbidySLF14},
  bibsource = {dblp computer science bibliography, http://dblp.org}
}

@inproceedings{DBLP:conf/nca/BurkeGNT14,
  author    = {Jeff Burke and
               Paolo Gasti and
               Naveen Nathan and
               Gene Tsudik},
  title     = {Secure Sensing over Named Data Networking},
  booktitle = {2014 {IEEE} 13th International Symposium on Network Computing and
               Applications, {NCA} 2014, Cambridge, MA, USA, 21-23 August, 2014},
  pages     = {175--180},
  year      = {2014},
  crossref  = {DBLP:conf/nca/2014},
  url       = {http://dx.doi.org/10.1109/NCA.2014.34},
  doi       = {10.1109/NCA.2014.34},
  timestamp = {Tue, 25 Nov 2014 17:05:18 +0100},
  biburl    = {http://dblp.uni-trier.de/rec/bib/conf/nca/BurkeGNT14},
  bibsource = {dblp computer science bibliography, http://dblp.org}
}

@inproceedings{DBLP:conf/ancs/SoNO13,
  author    = {Won So and
               Ashok Narayanan and
               David Oran},
  title     = {Named data networking on a router: Fast and DoS-resistant forwarding
               with hash tables},
  booktitle = {Symposium on Architecture for Networking and Communications Systems,
               {ANCS} '13, San Jose, CA, USA, October 21-22, 2013},
  pages     = {215--225},
  year      = {2013},
  crossref  = {DBLP:conf/ancs/2013},
  url       = {http://dx.doi.org/10.1109/ANCS.2013.6665203},
  doi       = {10.1109/ANCS.2013.6665203},
  timestamp = {Mon, 10 Nov 2014 18:11:36 +0100},
  biburl    = {http://dblp.uni-trier.de/rec/bib/conf/ancs/SoNO13},
  bibsource = {dblp computer science bibliography, http://dblp.org}
}

@article{DBLP:journals/corr/abs-1303-4823,
  author    = {Alberto Compagno and
               Mauro Conti and
               Paolo Gasti and
               Gene Tsudik},
  title     = {Poseidon: Mitigating Interest Flooding DDoS Attacks in Named Data
               Networking},
  journal   = {CoRR},
  volume    = {abs/1303.4823},
  year      = {2013},
  url       = {http://arxiv.org/abs/1303.4823},
  timestamp = {Fri, 27 Aug 4435052 05:14:08 +},
  biburl    = {http://dblp.uni-trier.de/rec/bib/journals/corr/abs-1303-4823},
  bibsource = {dblp computer science bibliography, http://dblp.org}
}

@misc{gipr2014,
  author = {Sandvine, Intelligent Broadbands Networks},
  title = {Global Internet Phenomena Report 1H 2014},
  url = {https://www.sandvine.com/downloads/general/global-internet-phenomena/2014/1h-2014-global-internet-phenomena-report.pdf},
  year = {2014}
}

@article{DBLP:journals/cm/AhlgrenDIKO12,
  author    = {Bengt Ahlgren and
               Christian Dannewitz and
               Claudio Imbrenda and
               Dirk Kutscher and
               B{\"{o}}rje Ohlman},
  title     = {A survey of information-centric networking},
  journal   = {{IEEE} Communications Magazine},
  volume    = {50},
  number    = {7},
  pages     = {26--36},
  year      = {2012},
  url       = {http://dx.doi.org/10.1109/MCOM.2012.6231276},
  doi       = {10.1109/MCOM.2012.6231276},
  timestamp = {Thu, 19 Jul 2012 13:52:55 +0200},
  biburl    = {http://dblp.uni-trier.de/rec/bib/journals/cm/AhlgrenDIKO12},
  bibsource = {dblp computer science bibliography, http://dblp.org}
}

@inproceedings{DBLP:conf/uss/DingledineMS04,
  author    = {Roger Dingledine and
               Nick Mathewson and
               Paul F. Syverson},
  title     = {Tor: The Second-Generation Onion Router},
  booktitle = {Proceedings of the 13th {USENIX} Security Symposium, August 9-13,
               2004, San Diego, CA, {USA}},
  pages     = {303--320},
  year      = {2004},
  crossref  = {DBLP:conf/uss/2004},
  url       = {http://www.usenix.org/publications/library/proceedings/sec04/tech/dingledine.html},
  timestamp = {Wed, 14 May 2014 19:33:31 +0200},
  biburl    = {http://dblp.uni-trier.de/rec/bib/conf/uss/DingledineMS04},
  bibsource = {dblp computer science bibliography, http://dblp.org}
}

@inproceedings{DBLP:conf/ndss/DiBenedettoGTU12,
  author    = {Steve DiBenedetto and
               Paolo Gasti and
               Gene Tsudik and
               Ersin Uzun},
  title     = {ANDaNA: Anonymous Named Data Networking Application},
  booktitle = {19th Annual Network and Distributed System Security Symposium, {NDSS}
               2012, San Diego, California, USA, February 5-8, 2012},
  year      = {2012},
  crossref  = {DBLP:conf/ndss/2012},
  url       = {http://www.internetsociety.org/andana-anonymous-named-data-networking-application},
  timestamp = {Wed, 18 Sep 2013 19:36:26 +0200},
  biburl    = {http://dblp.uni-trier.de/rec/bib/conf/ndss/DiBenedettoGTU12},
  bibsource = {dblp computer science bibliography, http://dblp.org}
}

@misc{nsf-fia,
  author = {National Science Foundation},
  title = {Future Internet Architecture Project},
  url = {http://www.nets-fia.net/},
  note = "[Online; accessed 5-May-2015]"
}

@article{DBLP:journals/iacr/OliveiraAMDLD07,
  author    = {Leonardo B. Oliveira and
               Diego F. Aranha and
               Eduardo Morais and
               Felipe Daguano and
               Julio L{\'{o}}pez and
               Ricardo Dahab},
  title     = {TinyTate: Identity-Based Encryption for Sensor Networks},
  journal   = {{IACR} Cryptology ePrint Archive},
  volume    = {2007},
  pages     = {20},
  year      = {2007},
  url       = {http://eprint.iacr.org/2007/020},
  timestamp = {Mon, 05 Dec 2011 18:05:46 +0100},
  biburl    = {http://dblp.uni-trier.de/rec/bib/journals/iacr/OliveiraAMDLD07},
  bibsource = {dblp computer science bibliography, http://dblp.org}
}

@article{DBLP:journals/corr/abs-1207-6185,
  author    = {Yusnani Mohd Yussoff and
               Habibah Hashim and
               Mohd Dani Baba},
  title     = {Identity-based Trusted Authentication in Wireless Sensor Network},
  journal   = {CoRR},
  volume    = {abs/1207.6185},
  year      = {2012},
  url       = {http://arxiv.org/abs/1207.6185},
  timestamp = {Wed, 10 Oct 2012 21:28:54 +0200},
  biburl    = {http://dblp.uni-trier.de/rec/bib/journals/corr/abs-1207-6185},
  bibsource = {dblp computer science bibliography, http://dblp.org}
}

@book{Patil:2012:SWS:2464778,
 author = {Patil, Harsh Kupwade and Szygenda, Stephen A.},
 title = {Security for Wireless Sensor Networks Using Identity-Based Cryptography},
 year = {2012},
 isbn = {1439869014, 9781439869017},
 edition = {1st},
 publisher = {Auerbach Publications},
 address = {Boston, MA, USA},
} 
%================
%   Chapter 3-0
%================

@inproceedings{DBLP:conf/icnp/ZhuA13,
  author    = {Zhenkai Zhu and
               Alexander Afanasyev},
  title     = {Let's ChronoSync: Decentralized dataset state synchronization in Named
               Data Networking},
  booktitle = {2013 21st {IEEE} International Conference on Network Protocols, {ICNP}
               2013, G{\"{o}}ttingen, Germany, October 7-10, 2013},
  pages     = {1--10},
  year      = {2013},
  crossref  = {DBLP:conf/icnp/2013},
  url       = {http://dx.doi.org/10.1109/ICNP.2013.6733578},
  doi       = {10.1109/ICNP.2013.6733578},
  timestamp = {Fri, 19 Dec 2014 14:04:02 +0100},
  biburl    = {http://dblp.uni-trier.de/rec/bib/conf/icnp/ZhuA13},
  bibsource = {dblp computer science bibliography, http://dblp.org}
}

@inproceedings{DBLP:conf/icnp/ZhangCXWSW11,
  author    = {Xinwen Zhang and
               Katharine Chang and
               Huijun Xiong and
               Yonggang Wen and
               Guangyu Shi and
               Guoqiang Wang},
  title     = {Towards name-based trust and security for content-centric network},
  booktitle = {Proceedings of the 19th annual {IEEE} International Conference on
               Network Protocols, {ICNP} 2011, Vancouver, BC, Canada, October 17-20,
               2011},
  pages     = {1--6},
  year      = {2011},
  crossref  = {DBLP:conf/icnp/2011},
  url       = {http://dx.doi.org/10.1109/ICNP.2011.6089053},
  doi       = {10.1109/ICNP.2011.6089053},
  timestamp = {Thu, 15 Dec 2011 10:19:46 +0100},
  biburl    = {http://dblp.uni-trier.de/rec/bib/conf/icnp/ZhangCXWSW11},
  bibsource = {dblp computer science bibliography, http://dblp.org}
}

@misc{watchdog,
  author = {Python},
  title = {{Watchdog}},
  howpublished = "\url{https://pypi.python.org/pypi/watchdog}",
  note = "[Online; accessed 24-April-2015]"
}

%================
%   Chapter 3-1
%================

@inproceedings{DBLP:conf/crypto/Shamir84,
  author    = {Adi Shamir},
  title     = {Identity-Based Cryptosystems and Signature Schemes},
  booktitle = {Advances in Cryptology, Proceedings of {CRYPTO} '84, Santa Barbara,
               California, USA, August 19-22, 1984, Proceedings},
  pages     = {47--53},
  year      = {1984},
  crossref  = {DBLP:conf/crypto/1984},
  url       = {http://dx.doi.org/10.1007/3-540-39568-7_5},
  doi       = {10.1007/3-540-39568-7_5},
  timestamp = {Fri, 23 Dec 2011 14:54:25 +0100},
  biburl    = {http://dblp.uni-trier.de/rec/bib/conf/crypto/Shamir84},
  bibsource = {dblp computer science bibliography, http://dblp.org}
}

@article{DBLP:journals/jacm/CanettiGH04,
  author    = {Ran Canetti and
               Oded Goldreich and
               Shai Halevi},
  title     = {The random oracle methodology, revisited},
  journal   = {J. {ACM}},
  volume    = {51},
  number    = {4},
  pages     = {557--594},
  year      = {2004},
  url       = {http://doi.acm.org/10.1145/1008731.1008734},
  doi       = {10.1145/1008731.1008734},
  timestamp = {Thu, 09 Feb 2006 13:34:10 +0100},
  biburl    = {http://dblp.uni-trier.de/rec/bib/journals/jacm/CanettiGH04},
  bibsource = {dblp computer science bibliography, http://dblp.org}
}
@inproceedings{DBLP:conf/ccs/BellareR93,
  author    = {Mihir Bellare and
               Phillip Rogaway},
  title     = {Random Oracles are Practical: {A} Paradigm for Designing Efficient
               Protocols},
  booktitle = {{CCS} '93, Proceedings of the 1st {ACM} Conference on Computer and
               Communications Security, Fairfax, Virginia, USA, November 3-5, 1993.},
  pages     = {62--73},
  year      = {1993},
  crossref  = {DBLP:conf/ccs/1993},
  url       = {http://doi.acm.org/10.1145/168588.168596},
  doi       = {10.1145/168588.168596},
  timestamp = {Fri, 23 Dec 2011 14:54:25 +0100},
  biburl    = {http://dblp.uni-trier.de/rec/bib/conf/ccs/BellareR93},
  bibsource = {dblp computer science bibliography, http://dblp.org}
}
@inproceedings{DBLP:conf/crypto/BonehF01,
  author    = {Dan Boneh and
               Matthew K. Franklin},
  title     = {Identity-Based Encryption from the Weil Pairing},
  booktitle = {Advances in Cryptology - {CRYPTO} 2001, 21st Annual International
               Cryptology Conference, Santa Barbara, California, USA, August 19-23,
               2001, Proceedings},
  pages     = {213--229},
  year      = {2001},
  crossref  = {DBLP:conf/crypto/2001},
  url       = {http://dx.doi.org/10.1007/3-540-44647-8_13},
  doi       = {10.1007/3-540-44647-8_13},
  timestamp = {Fri, 18 Sep 2009 12:32:13 +0200},
  biburl    = {http://dblp.uni-trier.de/rec/bib/conf/crypto/BonehF01},
  bibsource = {dblp computer science bibliography, http://dblp.org}
}

@inproceedings{DBLP:conf/crypto/BonehB04,
  author    = {Dan Boneh and
               Xavier Boyen},
  title     = {Secure Identity Based Encryption Without Random Oracles},
  booktitle = {Advances in Cryptology - {CRYPTO} 2004, 24th Annual International
               CryptologyConference, Santa Barbara, California, USA, August 15-19,
               2004, Proceedings},
  pages     = {443--459},
  year      = {2004},
  crossref  = {DBLP:conf/crypto/2004},
  url       = {http://dx.doi.org/10.1007/978-3-540-28628-8_27},
  doi       = {10.1007/978-3-540-28628-8_27},
  timestamp = {Thu, 07 Jul 2011 15:50:01 +0200},
  biburl    = {http://dblp.uni-trier.de/rec/bib/conf/crypto/BonehB04},
  bibsource = {dblp computer science bibliography, http://dblp.org}
}

@article{DBLP:journals/iacr/BoldyrevaGK12,
  author    = {Alexandra Boldyreva and
               Vipul Goyal and
               Virendra Kumar},
  title     = {Identity-based Encryption with Efficient Revocation},
  journal   = {{IACR} Cryptology ePrint Archive},
  volume    = {2012},
  pages     = {52},
  year      = {2012},
  url       = {http://eprint.iacr.org/2012/052},
  timestamp = {Tue, 08 Jan 2013 12:11:43 +0100},
  biburl    = {http://dblp.uni-trier.de/rec/bib/journals/iacr/BoldyrevaGK12},
  bibsource = {dblp computer science bibliography, http://dblp.org}
}

@inproceedings{DBLP:conf/ctrsa/LibertV09,
  author    = {Beno{\^{\i}}t Libert and
               Damien Vergnaud},
  title     = {Adaptive-ID Secure Revocable Identity-Based Encryption},
  booktitle = {Topics in Cryptology - {CT-RSA} 2009, The Cryptographers' Track at
               the {RSA} Conference 2009, San Francisco, CA, USA, April 20-24, 2009.
               Proceedings},
  pages     = {1--15},
  year      = {2009},
  crossref  = {DBLP:conf/ctrsa/2009},
  url       = {http://dx.doi.org/10.1007/978-3-642-00862-7_1},
  doi       = {10.1007/978-3-642-00862-7_1},
  timestamp = {Fri, 06 Jan 2012 21:01:57 +0100},
  biburl    = {http://dblp.uni-trier.de/rec/bib/conf/ctrsa/LibertV09},
  bibsource = {dblp computer science bibliography, http://dblp.org}
}

@techreport{rfc5408,
  shorthand = {RFC5408},
  AUTHOR = {G. Appenzeller and 
            L. Martin and
            M. Schertler},
  TITLE = "{Identity-Based Encryption Architecture and Supporting Data Structures}",
  HOWPUBLISHED = {Internet Requests for Comments},
  TYPE="{RFC}",
  NUMBER=5408,
  PAGES = {1-30},
  YEAR = {2009},
  MONTH = {January},
  ISSN = {2070-1721},
  PUBLISHER = "{RFC Editor}",
  INSTITUTION = "{RFC Editor}",
  URL={https://tools.ietf.org/html/rfc5408}
  }

@inproceedings{DBLP:conf/spw/StajanoA99,
  author    = {Frank Stajano and
               Ross J. Anderson},
  title     = {The Resurrecting Duckling: Security Issues for Ad-hoc Wireless Networks},
  booktitle = {Security Protocols, 7th International Workshop, Cambridge, UK, April
               19-21, 1999, Proceedings},
  pages     = {172--194},
  year      = {1999},
  crossref  = {DBLP:conf/spw/1999},
  url       = {http://dx.doi.org/10.1007/10720107_24},
  doi       = {10.1007/10720107_24},
  timestamp = {Tue, 21 Jun 2011 16:42:29 +0200},
  biburl    = {http://dblp.uni-trier.de/rec/bib/conf/spw/StajanoA99},
  bibsource = {dblp computer science bibliography, http://dblp.org}
}

@article{DBLP:journals/iacr/Waters04,
  author    = {Brent R. Waters},
  title     = {Efficient Identity-Based Encryption Without Random Oracles},
  journal   = {{IACR} Cryptology ePrint Archive},
  volume    = {2004},
  pages     = {180},
  year      = {2004},
  url       = {http://eprint.iacr.org/2004/180},
  timestamp = {Tue, 17 Jan 2012 11:01:32 +0100},
  biburl    = {http://dblp.uni-trier.de/rec/bib/journals/iacr/Waters04},
  bibsource = {dblp computer science bibliography, http://dblp.org}
}

@article{DBLP:journals/iacr/Naccache05,
  author    = {David Naccache},
  title     = {Secure and \emph{Practical} Identity-Based Encryption},
  journal   = {{IACR} Cryptology ePrint Archive},
  volume    = {2005},
  pages     = {369},
  year      = {2005},
  url       = {http://eprint.iacr.org/2005/369},
  timestamp = {Thu, 18 Sep 2014 16:58:23 +0200},
  biburl    = {http://dblp.uni-trier.de/rec/bib/journals/iacr/Naccache05},
  bibsource = {dblp computer science bibliography, http://dblp.org}
}

@inproceedings{DBLP:conf/crypto/Waters09,
  author    = {Brent Waters},
  title     = {Dual System Encryption: Realizing Fully Secure {IBE} and {HIBE} under
               Simple Assumptions},
  booktitle = {Advances in Cryptology - {CRYPTO} 2009, 29th Annual International
               Cryptology Conference, Santa Barbara, CA, USA, August 16-20, 2009.
               Proceedings},
  pages     = {619--636},
  year      = {2009},
  crossref  = {DBLP:conf/crypto/2009},
  url       = {http://dx.doi.org/10.1007/978-3-642-03356-8_36},
  doi       = {10.1007/978-3-642-03356-8_36},
  timestamp = {Wed, 07 Oct 2009 17:00:40 +0200},
  biburl    = {http://dblp.uni-trier.de/rec/bib/conf/crypto/Waters09},
  bibsource = {dblp computer science bibliography, http://dblp.org}
}

@article{DBLP:journals/iacr/SeoE13a,
  author    = {Jae Hong Seo and
               Keita Emura},
  title     = {Efficient Delegation of Key Generation and Revocation Functionalities
               in Identity-Based Encryption},
  journal   = {{IACR} Cryptology ePrint Archive},
  volume    = {2013},
  pages     = {18},
  year      = {2013},
  url       = {http://eprint.iacr.org/2013/018},
  timestamp = {Fri, 10 May 2013 14:13:29 +0200},
  biburl    = {http://dblp.uni-trier.de/rec/bib/journals/iacr/SeoE13a},
  bibsource = {dblp computer science bibliography, http://dblp.org}
}

@inbook{Bidgoli06,
  author  ={Hossein Bidgoli},
  year    = 2006, 
  chapter ={IBE (Identity-Based Encryption)}, 
  title   = {Handbook of Information Security, Volume 2, Information Warfare, Social, Legal, and International Issues and Security Foundations}, 
  isbn    = {978-0-470-05120-7}
}

@inproceedings{DBLP:conf/pkc/HofheinzKS15,
  author    = {Dennis Hofheinz and
               Jessica Koch and
               Christoph Striecks},
  title     = {Identity-Based Encryption with (Almost) Tight Security in the Multi-instance,
               Multi-ciphertext Setting},
  booktitle = {Public-Key Cryptography - {PKC} 2015 - 18th {IACR} International Conference
               on Practice and Theory in Public-Key Cryptography, Gaithersburg, MD,
               USA, March 30 - April 1, 2015, Proceedings},
  pages     = {799--822},
  year      = {2015},
  crossref  = {DBLP:conf/pkc/2015},
  url       = {http://dx.doi.org/10.1007/978-3-662-46447-2_36},
  doi       = {10.1007/978-3-662-46447-2_36},
  timestamp = {Tue, 17 Mar 2015 14:37:50 +0100},
  biburl    = {http://dblp.uni-trier.de/rec/bib/conf/pkc/HofheinzKS15},
  bibsource = {dblp computer science bibliography, http://dblp.org}
}
%================
%   Chapter 3-2
%================

@inproceedings{radcliffe2011hacking,
  title={Hacking medical devices for fun and insulin: Breaking the human SCADA system},
  author={Radcliffe, Jerome},
  note={Black Hat Conference 2011}
}

@inproceedings{DBLP:conf/imis/GusmeroliPR12,
  author    = {Sergio Gusmeroli and
               Salvatore Piccione and
               Domenico Rotondi},
  title     = {IoT Access Control Issues: {A} Capability Based Approach},
  booktitle = {Sixth International Conference on Innovative Mobile and Internet Services
               in Ubiquitous Computing, {IMIS} 2012, Palermo, Italy, July 4-6, 2012},
  pages     = {787--792},
  year      = {2012},
  crossref  = {DBLP:conf/imis/2012},
  url       = {http://dx.doi.org/10.1109/IMIS.2012.38},
  doi       = {10.1109/IMIS.2012.38},
  timestamp = {Fri, 27 Mar 2015 16:17:02 +0100},
  biburl    = {http://dblp.uni-trier.de/rec/bib/conf/imis/GusmeroliPR12},
  bibsource = {dblp computer science bibliography, http://dblp.org}
}

@article{DBLP:journals/iacr/GilbertRS05,
  author    = {Henri Gilbert and
               Matthew J. B. Robshaw and
               Herv{\'{e}} Sibert},
  title     = {An Active Attack Against {HB+} - {A} Provably Secure Lightweight Authentication
               Protocol},
  journal   = {{IACR} Cryptology ePrint Archive},
  volume    = {2005},
  pages     = {237},
  year      = {2005},
  url       = {http://eprint.iacr.org/2005/237},
  timestamp = {Mon, 16 Jan 2012 21:32:58 +0100},
  biburl    = {http://dblp.uni-trier.de/rec/bib/journals/iacr/GilbertRS05},
  bibsource = {dblp computer science bibliography, http://dblp.org}
}

@inproceedings{DBLP:conf/crypto/JuelsW05,
  author    = {Ari Juels and
               Stephen A. Weis},
  title     = {Authenticating Pervasive Devices with Human Protocols},
  booktitle = {Advances in Cryptology - {CRYPTO} 2005: 25th Annual International
               Cryptology Conference, Santa Barbara, California, USA, August 14-18,
               2005, Proceedings},
  pages     = {293--308},
  year      = {2005},
  crossref  = {DBLP:conf/crypto/2005},
  url       = {http://dx.doi.org/10.1007/11535218_18},
  doi       = {10.1007/11535218_18},
  timestamp = {Fri, 04 Nov 2005 09:54:52 +0100},
  biburl    = {http://dblp.uni-trier.de/rec/bib/conf/crypto/JuelsW05},
  bibsource = {dblp computer science bibliography, http://dblp.org}
}

@inproceedings{DBLP:conf/percom/Weis05,
  author    = {Stephen A. Weis},
  title     = {Security Parallels between People and Pervasive Devices},
  booktitle = {3rd {IEEE} Conference on Pervasive Computing and Communications Workshops
               (PerCom 2005 Workshops), 8-12 March 2005, Kauai Island, HI, {USA}},
  pages     = {105--109},
  year      = {2005},
  crossref  = {DBLP:conf/percom/2005w},
  url       = {http://doi.ieeecomputersociety.org/10.1109/PERCOMW.2005.72},
  doi       = {10.1109/PERCOMW.2005.72},
  timestamp = {Mon, 01 Aug 2005 14:34:20 +0200},
  biburl    = {http://dblp.uni-trier.de/rec/bib/conf/percom/Weis05},
  bibsource = {dblp computer science bibliography, http://dblp.org}
}

@inproceedings{Seth:2005:PSD:1897159.1897165,
 author = {Seth, Aaditeshwar and Keshav, Srinivasan},
 title = {Practical Security for Disconnected Nodes},
 booktitle = {Proceedings of the First International Conference on Secure Network Protocols},
 series = {NPSEC'05},
 year = {2005},
 isbn = {0-7803-9427-5},
 location = {Boston, Massachusetts},
 pages = {31--36},
 numpages = {6},
 url = {http://dl.acm.org/citation.cfm?id=1897159.1897165},
 acmid = {1897165},
 publisher = {IEEE Computer Society},
 address = {Washington, DC, USA},
} 
%================
%   Chapter 3-3
%================

@misc{ndn-git,
  author = {NDN-TEAM},
  title = {Named Data},
  year = {2015},
  publisher = {GitHub},
  journal = {GitHub repository},
  howpublished = {\url{https://github.com/named-data}},
}

@misc{pyndn2-git,
  author = {NDN-TEAM},
  title = {PyNDN2},
  year = {2015},
  publisher = {GitHub},
  journal = {GitHub repository},
  howpublished = {\url{https://github.com/named-data/PyNDN2}},
}

@misc{ndnpacketformat,
  author = {NDN-TEAM},
  title = {NDN Packet Format},
  howpublished = "\url{http://named-data.net/doc/ndn-tlv/}",
  note = "[Online; accessed 02-May-2015]"
}

@misc{nfd,
  author = {Alexander Afanasyev and
            Ilya Moiseenko and 
            Yingdi Yu and 
            Wentao Shang and
            Lixia Zhang and 
            Junxiao Shi and
            Yi Huang and
            Jerald Paul Abraham and
            Beichuan Zhang and
            Steve DiBenedetto and
            Chengyu Fan and
            Christos Papadopoulos and
            Davide Pesavento and
            Giulio Grassi and
            Giovanni Pau and
            Hang Zhang and
            Tian Song and
            Haowei Yuan and
            Hila Ben Abraham and
            Patrick Crowley and
            Syed Obaid Amin and
            Vince Lehman and
            Minsheng Zhang and
            Lan Wang},
  title = {Named Data Networking Forwarding Daemon},
  howpublished = "\url{http://named-data.net/doc/NFD/current/overview.html}",
  note = "[Online; accessed 08-May-2015]"
}



@article{charm13,
  YEAR      ={2013},
  ISSN      ={2190-8508},
  journals  ={Journal of Cryptographic Engineering},
  volume    ={3},
  NUMBER    ={2},
  doi       ={10.1007/s13389-013-0057-3},
  TITLE     ={Charm: a framework for rapidly prototyping cryptosystems},
  URL       ={http://dx.doi.org/10.1007/s13389-013-0057-3},
  PUBLISHER ={Springer-Verlag},
  keywords  ={Applied cryptography; Protocols; Software; Privacy},
  AUTHOR    ={Akinyele and
            Joseph A. and 
            Garman and 
            Christina and 
            Miers and
            Ian and 
            Pagano and
            Matthew W. and 
            Rushanan and
            Michael and 
            Green and 
            Matthew and 
            Rubin and 
            Aviel D.},
  PAGES     ={111-128}
}

@phdthesis{ben2007implementation,
  title={On the implementation of pairing-based cryptosystems},
  author={Ben, LYNN},
  year={2007},
  school={PhD thesis, Stanford University, 2007. https://crypto. stanford. edu/pbc/thesis. pdf}
}

%================
%   Chapter 5
%================


%================
%   Chapter 6
%================


%================
%   Chapter 7
%================