@article{Author:year:XYZ,
 author = {Name1, Firstname 1 and Name2, Firstname2},
 title = {A dummy title},
 journal = {A Fake Journal},
 issue_date = {June YYYY},
 volume = {1},
 number = {1},
 month = jun,
 year = {YYYY},
 issn = {0000-0000},
 pages = {000--000},
 numpages = {10},
} 

% biblex and papers can be found at:
% http://www.dblp.org/

%================
%   Chapter 1
%================


%================
%   Chapter 2
%================


%================
%   Chapter 3
%================


%================
%   Chapter 4
%================


%================
%   Chapter 5
%================


%================
%   Chapter 6
%================


%================
%   Chapter 7
%================